% This file was created with Citavi 6.2.0.12

@misc{Bloom.,
 author = {Bloom, James D.},
 title = {JVM~Internals},
 url = {http://blog.jamesdbloom.com/JVMInternals.html}
}


@book{Engel.1999,
 author = {Engel, Joshua},
 year = {1999},
 title = {Programming for the Java virtual machine},
 url = {http://proquest.tech.safaribooksonline.de/0201309726},
 address = {Reading, Mass},
 publisher = {Addison-Wesley},
 isbn = {0-201-30972-6}
}


@misc{Lahres.24.05.2018,
 abstract = {Objektorientierte Programmierung - Das umfassende Handbuch -- 5.2 Polymorphie und ihre Anwendungen},
 author = {Lahres, Bernhard and Rayman, Gregor},
 year = {24.05.2018},
 title = {Rheinwerk Computing :: Objektorientierte Programmierung - 5.2 Polymorphie und ihre Anwendungen},
 url = {http://openbook.rheinwerk-verlag.de/oop/oop_kapitel_05_002.htm},
 urldate = {21.12.2018}
}


@misc{Lindholm.21.08.2018,
 author = {Lindholm, Tim and Yellin, Frank and Bracha, Gilad and Buckley, Alex and {Smith Daniel}},
 editor = {Oracle},
 year = {21.08.2018},
 title = {The Java{\circledR} Virtual Machine Specification: Java SE 11 Edition},
 url = {https://docs.oracle.com/javase/specs/jvms/se11/html/index.html},
 urldate = {16.11.2018}
}


@misc{Venners.1996,
 author = {Venners, Bill},
 year = {1996},
 title = {Objects and arrays: A look at the bytecodes that deal with objects and arrays in the Java virtual machine},
 urldate = {17.11.2018}
}


@misc{Venners.1996b,
 author = {Venners, Bill},
 year = {1996},
 title = {The Java class file lifestyle: An introduction to the basic structure and lifestyle of the Java class file},
 url = {https://www.javaworld.com/article/2077193/core-java/the-java-class-file-lifestyle.html},
 urldate = {16.11.2018}
}


@misc{Venners.1997,
 author = {Venners, Bill},
 year = {1997},
 title = {Method Invocation and Return: Java's Bytecodes for Invoking and Returning from Methods},
 urldate = {16.11.2018}
}


@book{Venners.1999,
 author = {Venners, Bill},
 year = {1999},
 title = {Inside the Java 1.2 Virtual Machine},
 address = {London},
 publisher = {McGraw-Hill},
 isbn = {0-07-135093-4}
}


